<record><leader>00000cas a2200000 a 4500</leader><controlfield tag="001">33465111</controlfield><controlfield tag="007">hd bfu---baat</controlfield><controlfield tag="007">hd afu---bact</controlfield><controlfield tag="008">951110d19371982nbuwr nea     0    0eng d</controlfield><datafield ind1=" " ind2=" " tag="010"><subfield code="a">sn 95073960 </subfield></datafield><datafield ind1=" " ind2=" " tag="040"><subfield code="a">NVG</subfield><subfield code="b">eng</subfield><subfield code="c">NVG</subfield><subfield code="d">OCL</subfield><subfield code="d">OCLCQ</subfield><subfield code="d">OCLCF</subfield><subfield code="d">OCLCO</subfield></datafield><datafield ind1="1" ind2=" " tag="029"><subfield code="a">AU@</subfield><subfield code="b">000012082076</subfield></datafield><datafield ind1=" " ind2=" " tag="042"><subfield code="a">msc</subfield></datafield><datafield ind1=" " ind2=" " tag="043"><subfield code="a">n-us-nb</subfield></datafield><datafield ind1="0" ind2="4" tag="245"><subfield code="a">The Lexington clipper and Dawson County pioneer</subfield><subfield code="h">[microform].</subfield></datafield><datafield ind1="1" ind2=" " tag="246"><subfield code="i">Masthead title:</subfield><subfield code="a">Lexington clipper incorporating Dawson County pioneer</subfield><subfield code="f">Oct. 7, 1937-Dec. 30, 1982</subfield></datafield><datafield ind1="1" ind2=" " tag="246"><subfield code="i">Publisher's box title:</subfield><subfield code="a">Lexington clipper</subfield></datafield><datafield ind1=" " ind2=" " tag="260"><subfield code="a">Lexington, Neb. :</subfield><subfield code="b">Lloyd Kain,</subfield><subfield code="c">1937-1982.</subfield></datafield><datafield ind1=" " ind2=" " tag="300"><subfield code="a">51 v.</subfield></datafield><datafield ind1=" " ind2=" " tag="310"><subfield code="a">Weekly</subfield></datafield><datafield ind1="0" ind2=" " tag="362"><subfield code="a">47th year, no. 52 (Aug. 19, 1937)-97th year, no. 27 (Dec. 30, 1982).</subfield></datafield><datafield ind1=" " ind2=" " tag="580"><subfield code="a">Formed by the union of: Lexington clipper (Lexington, Neb. : 1922), and: Dawson County pioneer.</subfield></datafield><datafield ind1=" " ind2=" " tag="580"><subfield code="a">Subscribers also received Dawson County herald (Lexington, Neb. : 1938), Feb. 27, 1964-Dec. 30, 1982.</subfield></datafield><datafield ind1=" " ind2=" " tag="533"><subfield code="a">Microfilm.</subfield><subfield code="m">1937-1982.</subfield><subfield code="b">Lincoln, Neb. :</subfield><subfield code="c">Nebraska State Historical Society,</subfield><subfield code="d">1972-1983.</subfield><subfield code="e">34 microfilm reels ; 35 mm.</subfield></datafield><datafield ind1=" " ind2="0" tag="651"><subfield code="a">Lexington (Neb.)</subfield><subfield code="v">Newspapers.</subfield></datafield><datafield ind1=" " ind2="0" tag="651"><subfield code="a">Dawson County (Neb.)</subfield><subfield code="v">Newspapers.</subfield></datafield><datafield ind1=" " ind2="7" tag="655"><subfield code="a">Newspapers.</subfield><subfield code="2">fast</subfield><subfield code="0">(OCoLC)fst01423814</subfield></datafield><datafield ind1=" " ind2="7" tag="651"><subfield code="a">Nebraska</subfield><subfield code="z">Dawson County.</subfield><subfield code="2">fast</subfield><subfield code="0">(OCoLC)fst01211921</subfield></datafield><datafield ind1=" " ind2="7" tag="651"><subfield code="a">Nebraska</subfield><subfield code="z">Lexington.</subfield><subfield code="2">fast</subfield><subfield code="0">(OCoLC)fst01262101</subfield></datafield><datafield ind1=" " ind2=" " tag="752"><subfield code="a">United States</subfield><subfield code="b">Nebraska</subfield><subfield code="c">Dawson</subfield><subfield code="d">Lexington.</subfield></datafield><datafield ind1="1" ind2="4" tag="780"><subfield code="t">Lexington clipper (Lexington, Neb. : 1922)</subfield><subfield code="w">(DLC)sn 95073959</subfield></datafield><datafield ind1="1" ind2="4" tag="780"><subfield code="t">Dawson County pioneer</subfield><subfield code="w">(DLC)sn 95073967</subfield></datafield><datafield ind1="0" ind2="5" tag="780"><subfield code="t">Summer news (Summer, Neb.)</subfield><subfield code="w">(DLC)sn 95073966</subfield></datafield><datafield ind1="0" ind2="0" tag="785"><subfield code="t">Lexington clipper (Lexington, Neb. : 1983)</subfield><subfield code="w">(DLC)sn 95073961</subfield></datafield><datafield ind1="1" ind2=" " tag="787"><subfield code="t">Dawson County herald (Lexington, Neb. : 1938)</subfield><subfield code="w">(DLC)sn 95073965</subfield></datafield></record>